<record xmlns='http://www.loc.gov/MARC21/slim'><leader>01418cem a2200349 a 4500</leader><controlfield tag='001'>1832134</controlfield><controlfield tag='005'>20221107101602.0</controlfield><controlfield tag='008'>000407m19619999cauag     c  f  0   eng d</controlfield><datafield ind1='1' ind2=' ' tag='019'><subfield code='a'>21423415</subfield></datafield><datafield ind1='0' ind2=' ' tag='034'><subfield code='a'>a</subfield><subfield code='d'>W1250000</subfield><subfield code='e'>W1140000</subfield><subfield code='f'>N0420000</subfield><subfield code='g'>N0320000</subfield></datafield><datafield ind1=' ' ind2=' ' tag='035'><subfield code='9'>(AuCNLDY)2900092</subfield></datafield><datafield ind1=' ' ind2=' ' tag='035'><subfield code='a'>1832134</subfield></datafield><datafield ind1=' ' ind2=' ' tag='040'><subfield code='a'>ANL</subfield><subfield code='b'>eng</subfield><subfield code='d'>ANL</subfield></datafield><datafield ind1=' ' ind2=' ' tag='043'><subfield code='a'>n-us-ca</subfield></datafield><datafield ind1='2' ind2=' ' tag='045'><subfield code='b'>d1961-</subfield></datafield><datafield ind1='1' ind2=' ' tag='110'><subfield code='a'>California.</subfield><subfield code='b'>Division of Mines and Geology.</subfield></datafield><datafield ind1='1' ind2='0' tag='245'><subfield code='a'>Map sheet</subfield><subfield code='h'>[cartographic material] /</subfield><subfield code='c'>Division of Mines and Geology, State of California, Department of Conservation.</subfield></datafield><datafield ind1=' ' ind2=' ' tag='255'><subfield code='a'>Various scales</subfield><subfield code='c'>(W 125--W 114/N 42--W 32)</subfield></datafield><datafield ind1=' ' ind2=' ' tag='260'><subfield code='a'>California :</subfield><subfield code='b'>The Division,</subfield><subfield code='c'>1961-</subfield></datafield><datafield ind1=' ' ind2=' ' tag='300'><subfield code='a'>maps :</subfield><subfield code='b'>col. ;</subfield><subfield code='c'>107 x 143 cm. or smaller. on sheet 117 x 149 cm. or smaller. +</subfield><subfield code='e'>booklets (ill. ; 28 cm.)</subfield></datafield><datafield ind1=' ' ind2=' ' tag='310'><subfield code='a'>Irregular.</subfield></datafield><datafield ind1='0' ind2=' ' tag='362'><subfield code='a'>1-</subfield></datafield><datafield ind1=' ' ind2=' ' tag='500'><subfield code='a'>Relief shown by contours and spot heights.</subfield></datafield><datafield ind1=' ' ind2=' ' tag='500'><subfield code='a'>Chief editor: Ian Campbell on some sheets.</subfield></datafield><datafield ind1=' ' ind2=' ' tag='500'><subfield code='a'>Description based on: Map sheet 1.</subfield></datafield><datafield ind1=' ' ind2=' ' tag='500'><subfield code='a'>Each sheet is numbered and named individually.</subfield></datafield><datafield ind1=' ' ind2=' ' tag='500'><subfield code='a'>Includes text, tables, map index, ancillary maps, location map, profiles and cross sections.</subfield></datafield><datafield ind1=' ' ind2=' ' tag='500'><subfield code='a'>Map series of California showing stratigraphic and structural geology.</subfield></datafield><datafield ind1=' ' ind2=' ' tag='504'><subfield code='a'>Bibliography.</subfield></datafield><datafield ind1=' ' ind2='0' tag='650'><subfield code='a'>Geology</subfield><subfield code='z'>California</subfield><subfield code='v'>Maps.</subfield></datafield><datafield ind1=' ' ind2='0' tag='651'><subfield code='a'>California</subfield><subfield code='v'>Maps.</subfield></datafield><datafield ind1='f' ind2='f' tag='999'><subfield code='i'>9a5e9fea-38ff-5f0b-8515-3da168d2f370</subfield><subfield code='s'>3ffe96b4-c99f-5e3b-991c-24524e15167c</subfield></datafield><datafield ind1='f' ind2='f' tag='952'><subfield code='a'>National Library of Australia</subfield><subfield code='b'>Parkes</subfield><subfield code='c'>Parkes</subfield><subfield code='d'>Special Collections Reading Room (MAP [LG1])</subfield><subfield code='e'>MAP G3701.C5</subfield><subfield code='h'>Other scheme</subfield><subfield code='i'>Monograph</subfield><subfield code='m'>933de73c-6ba0-5626-a663-cb928ae9de62</subfield><subfield code='z'>Holdings note: Sheet 1- (1961-) [Incomplete.]</subfield></datafield></record>